<record><leader>00000cas a2200000 a 4500</leader><controlfield tag="001">31476893</controlfield><controlfield tag="008">941117d18891uuucauwr ne      0    0eng c</controlfield><datafield ind1=" " ind2=" " tag="010"><subfield code="a">sn 94052504 </subfield></datafield><datafield ind1=" " ind2=" " tag="040"><subfield code="a">CUY</subfield><subfield code="b">eng</subfield><subfield code="c">CNK</subfield><subfield code="d">OCLCQ</subfield><subfield code="d">CNK</subfield><subfield code="d">OCLCQ</subfield><subfield code="d">OCLCF</subfield><subfield code="d">OCLCO</subfield></datafield><datafield ind1="1" ind2=" " tag="029"><subfield code="a">AU@</subfield><subfield code="b">000011357862</subfield></datafield><datafield ind1=" " ind2=" " tag="042"><subfield code="a">pcc</subfield></datafield><datafield ind1=" " ind2=" " tag="043"><subfield code="a">n-us-ca</subfield></datafield><datafield ind1="0" ind2="0" tag="245"><subfield code="a">East Santa Cruz weekly herald.</subfield></datafield><datafield ind1="3" ind2="0" tag="246"><subfield code="a">Weekly herald</subfield></datafield><datafield ind1=" " ind2=" " tag="260"><subfield code="a">Santa Cruz, Calif. :</subfield><subfield code="b">W.S. Walker</subfield></datafield><datafield ind1=" " ind2=" " tag="300"><subfield code="a">v.</subfield></datafield><datafield ind1=" " ind2=" " tag="310"><subfield code="a">Weekly</subfield></datafield><datafield ind1="0" ind2=" " tag="362"><subfield code="a">Vol. 1, no. 1 (Oct. 19, 1889)-</subfield></datafield><datafield ind1=" " ind2=" " tag="500"><subfield code="a">"East Santa Cruz" appears above masthead ornament.</subfield></datafield><datafield ind1=" " ind2="0" tag="651"><subfield code="a">Santa Cruz (Calif.)</subfield><subfield code="v">Newspapers.</subfield></datafield><datafield ind1=" " ind2="7" tag="655"><subfield code="a">Newspapers.</subfield><subfield code="2">fast</subfield><subfield code="0">(OCoLC)fst01423814</subfield></datafield><datafield ind1=" " ind2="7" tag="651"><subfield code="a">California</subfield><subfield code="z">Santa Cruz.</subfield><subfield code="2">fast</subfield><subfield code="0">(OCoLC)fst01205880</subfield></datafield><datafield ind1=" " ind2=" " tag="752"><subfield code="a">United States</subfield><subfield code="b">California</subfield><subfield code="c">Santa Cruz</subfield><subfield code="d">Santa Cruz.</subfield></datafield></record>